
@article{nitsche_stationary_1985,
	title = {Stationary partitioning of convex bodies},
	volume = {89},
	issn = {1432-0673},
	url = {https://doi.org/10.1007/BF00281743},
	doi = {10.1007/BF00281743},
	number = {1},
	journal = {Archive for Rational Mechanics and Analysis},
	author = {Nitsche, Johannes C. C.},
	month = mar,
	year = {1985},
	pages = {1--19},
}

@article{gerhard_huisken_convexity_1999,
	title = {Convexity estimates for mean curvature flow and singularities of mean convex surfaces},
	volume = {183},
	url = {https://doi.org/10.1007/BF02392946},
	doi = {10.1007/BF02392946},
	number = {1},
	journal = {Acta Mathematica},
	author = {{Gerhard Huisken} and {Carlo Sinestrari}},
	month = jan,
	year = {1999},
	pages = {45--70},
}

@article{almgren_interior_1966,
	title = {Some {Interior} {Regularity} {Theorems} for {Minimal} {Surfaces} and an {Extension} of {Bernstein}'s {Theorem}},
	volume = {84},
	issn = {0003486X},
	url = {http://www.jstor.org/stable/1970520},
	doi = {10.2307/1970520},
	number = {2},
	urldate = {2021-05-03},
	journal = {Annals of Mathematics},
	author = {Almgren, F. J.},
	year = {1966},
	note = {Publisher: Annals of Mathematics},
	pages = {277--292},
}
