@article{theimer89,
author  = "Marvin M. Theimer and Keith A. Lantz",
title   = "Finding Idle Machines in a Workstation-Based Distributed Systems",
journal = ieeese,
volume  = "15",
number  = "11",
month   = nov,
year    = "1989" }


@conference{lyle88,
author  = "J. R. Lyle and Chin Lu",
title   = "Load Balancing from a {\sc UNIX} Shell",
booktitle = "Proc. 13th Conf. Local Computer Networks",
month   = oct,
year    = "1988",
pages   = "181--183" }


@article{eager86a,
author  = "D. L. Eager and E. D. Lazowska",
title   = "Adaptive Load Sharing in Homogeneous Distributed Systems",
journal = ieeese,
volume  = "12",
number  = "5",
month   = may,
year    = "1986" }

@article{eager86b,
author  = "D. L. Eager and E. D. Lazowska",
title   = "A Comparison of Receiver-Initiated and Sender-Initiated Adaptive Load
 Sharing",
journal = "Performance Evaluation",
volume  = "6",
year    = "1986",
pages   = "53--68" }

@article{wang85,
author  = "Y. T. Wang and Robert J. T. Morris",
title   = "Load Sharing in Distributed Systems",
journal = ieeetc,
volume  = "34",
number  = "3",
month   = mar,
year    = "1985" }


@conference{lionel85,
author  = "L. M. Ni and C. W. Xu and T. B. Gendreau",
title   = "Drafting Algorithm - A Dynamic Process Migration Protocol for Distributed Systems",
booktitle = "Proc. 5th Int. Conf. Distributed Computing Systems",
organization = "IEEE",
year    = "1985",
pages   = "539--546" }


@article{zhou88,
author  = "S. Zhou",
title   = "A Trace-Driven Simulation Study of Dynamic Load Balancing",
journal = ieeese,
volume  = "14",
number  = "9",
month   = sep,
year    = "1988",
pages   = "1327--1341" }



@conference{shiv90,
author  = "N. G. Shivaratri and P. Krueger",
title   = "Two Adaptive Location Policies for Global Scheduling Algorithms",
booktitle = "Proc. 10th Int. Conf. Distributed Computing Systems",
month = may,
year = "1990",
pages = "502--509" }


@conference{lu94,
author  = "Chin Lu and Sau-Ming Lau",
title   = "A Performance Study on Load Balancing Algorithms with Process Migration",
booktitle = "Proc. IEEE TENCON 1994",
month   = aug,
year    = "1994",
pages   = "357--364" }


@article {lu95b,
title = "An Adaptive Algorithm for Resolving Processor Thrashing in Load Distribution",
author = "Chin Lu and Sau-Ming Lau",
journal = "Concurrency: Practice and Experience",
year = "1995",
month = oct,
volume = "7",
number = "7",
pages = "653--70" }

@conference{lu96,
author  = "Chin Lu and Sau-Ming Lau",
title   = "An Adaptive Load Balancing Algorithm for Heterogeneous Distributed systems with multiple task classes",
booktitle = "Proc. 16th Int. Conf. Distributed Computing Systems",
month   = may,
year    = "1996",
address	= "Hong Kong" }



@article {shiv95,
title = "A Load Index and a Transfer Policy for Global Scheduling Tasks with Deadlines",
author  = "N. G. Shivaratri and M. Singhal",
journal = "Concurrency: Practice and Experience",
year = "1995",
month = oct,
volume = "7",
number = "7",
pages = "671--688" }

@conference{ahmad91,
author  = "Ishfaq Ahmad and Arif Ghafoor and Kishan Mehrotra",
title   = "Performance Prediction of Distributed Load Balancing on Multicomputer Systems",
booktitle = "Proc. Supercomputing '91",
year    = "1991",
pages   = "830--839" }

@article{kremien92,
author  = "O. Kremien and J. Kramer",
title   = "Methodical Analysis of Adaptive Load Sharing Algorithms",
journal = ieeepds,
volume  = "3",
number  = "6",
month   = nov,
year    = "1992",
pages   = "747--760" }

@article{casavant88,
author  = "Thmoas L. Casavant and Jon G. Kuhl",
title   = "A Taxonomy of Scheduling in General-Purpose Distributed Computing Systems",
journal = ieeese,
volume  = "14",
number  = "2",
pages   = "141--154",
month   = feb,
year    = "1988" }


@article{chu87,
author  = "Wesley W. Chu and Lance M. T. Lan",
title   = "Task Allocation and Precedence Relations for Distributed Real-Time Systems",
journal = ieeetc,
volume  = "36",
number  = "6",
month   = jun,
year    = "1987" }



@conference{stankovic84,
author  = "John A. Stankovic and Inderjit S. Sidhu",
title   = "An Adaptive Bidding Algorithm for Processes, Clusters, and Distributed Groups",
booktitle = "Proc. 4th Int. Conf. Distributed Computing Systems",
month   = may,
year    = "1984",
pages   = "13--18" }


@article{lo88,
author  = "Virginia Mary Lo",
title   = "Heuristic Algorithms for Task Assignment in Distributed Systems",
journal = ieeetc,
volume  = "37",
number  = "11",
pages   = "1384--1397",
month   = nov,
year    = "1988" }


@article{suen92,
author  = "Tony T. Y. Suen and Johnny S. K. Wong",
title   = "Efficient Task Migration Algorithms for Distributed Systems",
journal = ieeepds,
volume  = "3",
number  = "4",
month   = jul,
year    = "1992",
pages   = "488--499" }

@conference{feng94,
author  = "M. D. Feng and C. K. Yuen",
title   = "Dynamic Load Balancing on a Distributed System",
booktitle = "Proc. 6th IEEE Symposium on Parallel and Distributed Processing",
year    = "1994",
month   = oct,
pages   = "318--325",
address   = "Dallas, Texas, US"  }

@article{shiv92,
author  = "N. G. Shivaratri and P. Krueger and M. Singhal",
title   = "Load Distributing for Locally Distributed Systems",
journal = "IEEE Comput.",
volume = "25",
number = "12",
month   = dec,
year    = "1992",
pages   = "33--44" }

@unpublished {lu95c,
author = "Chin Lu and Sau-Ming Lau",
title  = "A Performance Study on Dynamic Load Balancing Algorithms",
year   = "1995",
month  = jun,
note   = "Department of Computer Science and Engineering, The Chinese University of Hong Kong, Unpublished report" }



@article {mirchandaney90,
title = "Adaptive Load Sharing in Heterogeneous Systems",
author = "Ravi Mirchandaney and Don Towsley and J. Stankovic",
journal = "J.~Parallel and Distributed Computing",
year = "1990",
month = aug,
volume = "9",
number = "4",
pages = "331--346" }




@article{stone77,
author  = "H. S. Stone",
title   = "Multiprocessor Scheduling with the Aid of Network Flow Algorithms",
journal = ieeese,
volume  = "3",
pages   = "85--93",
month   = jan,
year    = "1977" }

@article{shen85,
author  = "Chien-Chung Shen and Wen-Hsiang Tsai",
title   = "A Graph Matching Approach to Optimal Task Assignment in Distributed C
omputing Systems Using a Minimax Criterion",
journal = ieeetc,
volume  = "34",
number  = "3",
pages   = "197--203",
month   = mar,
year    = "1985" }
 
@inproceedings {chen90,
author = "Gen-Huey Chen and Jyh-Shiarn Yur",
title = "A Branch-and-bound-with-underestimates algorithm for the task assignmen
t problem with precedence constraint",
booktitle = "Proc. Int. Workshop Modeling, Analysis and Simulation of Comput. an
d Telecomm. Syst.",
month = feb,
year = "1994" }
 
 
@article{ni85,
author  = "Lionel M. Ni and Kai Hwang",
title   = "Optimal Load Balancing in a Multiple Processor System with Many Job C
lasses",
journal = ieeese,
volume  = "11",
number  = "5",
month   = may,
year    = "1985",
pages   = "491--496" }
 
@conference{lu96a,
author  = "Chin Lu and Sau-Ming Lau",
title   = "A Performance Study on Different Classes of Load Balancing Algorithms
",
booktitle = "Proc. 14th IASTED Int. Conf. Applied Informatics",
month   = feb,
address = "Innsbruck, Austria",
year    = "1996" }
 


@inproceedings {hatch90,
author = "D. Hatch and D. Finkel and K. G. Nock",
title = "Load indices for load sharing in heterogeneous distributed computing systems",
booktitle = "Proc. 1990 UKSC Conf. Computer Simulation",
year = "1990" }



@article {hou94,
title = "Load Sharing with Consideration of Future Task Arrivals in Heterogeneous Distributed Real-Time Systems",
author = "Chao-Ju Hou and Kang G. Shin",
journal = ieeetc,
year = "1994",
month = sep,
volume = "43",
number = "9",
pages = "1076--1090" }


@book{kleinrock75,
author  = "L. Kleinrock",
title   = "Queueing Systems",
volume = "1: Theory",
publisher = "New York: Wiley",
year    = "1975" }





@conference{eager88,
author 	= "D. L. Eager and E. D. Lazowska and J. Zahorjan",
title	= "The Limited Performance Benefits of Migrating Active Processes for Load Sharing",
booktitle = "Proceedings, ACM Sigmetrics",
month 	= may,
year	= "1988",
pages	= "63--72" }








@conference{ahmad91,
author  = "Ishfaq Ahmad and Arif Ghafoor and Kishan Mehrotra",
title   = "Performance Prediction of Distributed Load Balancing on Multicomputer Systems",
booktitle = "Proc. Supercomputing '91",
year    = "1991",
pages   = "830--839" }
















 
 
 


@conference{stank84,
author  = "John A. Stankovic and Inderjit S. Sidhu",
title   = "An Adaptive Bidding Algorithm for Processes, Clusters, and Distributed Groups",
booktitle = "Proc. 4th Int. Conf. on Distributed Computing Systems",
month   = may,
year    = "1984",
pages   = "13--18" }


@article{casa88,
author  = "Thmoas L. Casavant and Jon G. Kuhl",
title   = "A Taxonomy of Scheduling in General-Purpose Distributed Computing Systems",
journal = ieeese,
volume  = "14",
number  = "2",
pages   = "141--54",
month   = feb,
year    = "1988" }


@article{drummond93,
author	= "R. Drummond and O. Babaoglu", 
title	= "Low-Cost Clock Synchronization",
journal	= "Distributed Computing",
volume	= "6",
pages	= "193--203",
year	= "1993" }

@inbook {tanenbaum95,
author	= "A. Tanenbaum",
title	= "Distributed Operating Systems",
chapter	= "3",
publisher = "Prentice-Hall",
year	= "1995" }


@inbook {levi90,
author	= "Shem-Tov Levi and Ashok K. Agrawala",
title	= "Real Time System Design",
chapter	= "2",
publisher = "McGraw-Hill",
year	= "1990" }


@incollection {babaoglu93,
author	= "Ozalp Babaoglu and Keith Marzullo",
title 	= "Consistent Global States of Distributed Systems: Fundamental Concepts and Mechanisms",
booktitle = "Distributed Systems",
publisher = "Addison-Wesley",
year	= "1993",
editor 	= "Sape Mullender",
edition = "2nd" }

@book {albert68,
author = "A. A. Albert and R. Sandler",
title  = "An Introduction to Finite Projective Planes",
publisher = "New York: Holt, Rinehart and Winston",
year = "1968" }



@article{maekawa85,
author  = "Mamoru Maekawa",
title   = "A $\sqrt{N}$ Algorithm for Mutual Exclusion in 
	   Decentralized Systems",
journal = tocs,
volume  = "3",
number  = "2",
month   = may,
pages   = "145--159",
year    = "1985" }

@article{bruck49,
author  = "R. H. Bruck and H. J. Ryser", 
title   = "The Non-Existence of Certain Finite Projective Planes",
journal = "Canadian J. Math.",
volume  = "1",
pages	= "88-93",
year    = "1949" }

@unpublished {luk96,
author = "Wai-Shing Luk and Tien-Tsin Wong",
title  = "Two New Quorum Based Algorithms for Distributed Mutual Exclusion",
year   = "1996",
month  = oct,
note   = "Department of Computer Science and Engineering, The Chinese University of Hong Kong, Techncal Report" }




@InProceedings{hsieh96,
author =  "Chin Lu and S. L. Hsieh",
title =   "Facilitating Load Distribution Based on Microkernel Technology", 
booktitle =    "Proceedings of International Conference On Signal
                  Processing Applications \& Technology",
volume =       "1",
year =         "1996",
month =        oct,
pages =        "776--780"
}

@Unpublished{hsieh97,
author = "Qin Lu and Arthur S. L. Hsieh",
title =  "DSF: a Load Distribution Facility supporting multiple 
	algorithms on Mach",
note =         "To appear in {\it Proceedings of the International
        Conference on Parallel and Distributed Processing Techniniques
        and Applications}, PDPTA'97",
year =         "1997"
}

