@article{nitsche_stationary_1985,
	title = {Stationary partitioning of convex bodies},
	volume = {89},
	issn = {1432-0673},
	url = {https://doi.org/10.1007/BF00281743},
	doi = {10.1007/BF00281743},
	number = {1},
	journal = {Archive for Rational Mechanics and Analysis},
	author = {Nitsche, Johannes C. C.},
	month = mar,
	year = {1985},
	pages = {1--19},
}

@article{huisken_convexity_1999,
	title = {Convexity estimates for mean curvature flow and singularities of mean convex surfaces},
	volume = {183},
	url = {https://doi.org/10.1007/BF02392946},
	doi = {10.1007/BF02392946},
	number = {1},
	journal = {Acta Mathematica},
	author = {Gerhard Huisken and Carlo Sinestrari},
	month = jan,
	year = {1999},
	pages = {45--70},
}

@article{almgren_interior_1966,
	title = {Some {Interior} {Regularity} {Theorems} for {Minimal} {Surfaces} and an {Extension} of {Bernstein}'s {Theorem}},
	volume = {84},
	issn = {0003486X},
	url = {http://www.jstor.org/stable/1970520},
	doi = {10.2307/1970520},
	number = {2},
	urldate = {2021-05-03},
	journal = {Annals of Mathematics},
	author = {Almgren, F. J.},
	year = {1966},
	note = {Publisher: Annals of Mathematics},
	pages = {277--292},
}

@ARTICLE{Ros_stabilityof,
    author = {Antonio Ros},
    title = {Stability of minimal and constant mean curvature surfaces with free boundary},
    journal = {Mat. Contemp},
    year = {},
    pages = {221--240}
}
@misc{brendle2013inscribed,
      title={An inscribed radius estimate for mean curvature flow in Riemannian manifolds}, 
      author={S. Brendle},
      year={2013},
      eprint={1310.3439},
      archivePrefix={arXiv},
      primaryClass={math.DG}
}
@misc{hirsch2020contracting,
      title={Contracting convex surfaces by mean curvature flow with free boundary on convex barriers}, 
      author={Sven Hirsch and Martin Li},
      year={2020},
      eprint={2001.01111},
      archivePrefix={arXiv},
      primaryClass={math.AP}
}
@article{huisken_deforming_1987,
	title = {Deforming hypersurfaces of the sphere by their mean curvature},
	volume = {195},
	issn = {1432-1823},
	url = {https://doi.org/10.1007/BF01166458},
	doi = {10.1007/BF01166458},
	number = {2},
	journal = {Mathematische Zeitschrift},
	author = {Huisken, Gerhard},
	month = jun,
	year = {1987},
	pages = {205--219},
}
@article{michael_sobolev_1973,
	title = {Sobolev and mean-value inequalities on generalized submanifolds of {Rn}},
	volume = {26},
	issn = {0010-3640},
	url = {https://doi.org/10.1002/cpa.3160260305},
	doi = {10.1002/cpa.3160260305},
	number = {3},
	urldate = {2021-04-05},
	journal = {Communications on Pure and Applied Mathematics},
	author = {Michael, J. H. and Simon, L. M.},
	month = may,
	year = {1973},
	note = {Publisher: John Wiley \& Sons, Ltd},
	pages = {361--379},
	annote = {https://doi.org/10.1002/cpa.3160260305},
}
@article{andrews_contraction_1994,
	title = {Contraction of convex hypersurfaces in {Riemannian} spaces},
	volume = {39},
	url = {https://doi.org/10.4310/jdg/1214454878},
	number = {2},
	journal = {Journal of Differential Geometry},
	author = {Andrews, Ben},
	year = {1994},
	pages = {407--431, 25},
}

@article{andrews_mean_2010,
	title = {Mean curvature flow of pinched submanifolds to spheres},
	volume = {85},
	url = {https://doi.org/10.4310/jdg/1292940688},
	number = {3},
	journal = {Journal of Differential Geometry},
	author = {Andrews, Ben and Baker, Charles},
	year = {2010},
	pages = {357--396, 40},
}

@article{edelen_convexity_2016,
	title = {Convexity estimates for mean curvature flow with free boundary},
	volume = {294},
	issn = {00018708},
	doi = {10.1016/j.aim.2016.02.026},
	journal = {Advances in Mathematics},
	author = {Edelen, Nick},
	year = {2016},
	note = {Section: 1},
	pages = {1--36},
}

@article{hamilton_three-manifolds_1982,
	title = {Three-manifolds with positive {Ricci} curvature},
	volume = {17},
	issn = {0022-040X},
	url = {https://projecteuclid.org:443/euclid.jdg/1214436922},
	doi = {10.4310/jdg/1214436922},
	language = {en},
	number = {2},
	journal = {J. Differential Geom.},
	author = {Hamilton, Richard S.},
	year = {1982},
	pages = {255--306},
}

@article{hoffman_sobolev_1974,
	title = {Sobolev and isoperimetric inequalities for riemannian submanifolds},
	volume = {27},
	issn = {0010-3640},
	url = {https://doi.org/10.1002/cpa.3160270601},
	doi = {10.1002/cpa.3160270601},
	number = {6},
	urldate = {2021-05-01},
	journal = {Communications on Pure and Applied Mathematics},
	author = {Hoffman, David and Spruck, Joel},
	year = {1974},
	pages = {715--727},
	annote = {https://doi.org/10.1002/cpa.3160270601},
}

@article{huisken_flow_1984,
	title = {Flow by mean curvature of convex surfaces into spheres},
	volume = {20},
	issn = {0022-040X},
	url = {https://projecteuclid.org:443/euclid.jdg/1214438998},
	doi = {10.4310/jdg/1214438998},
	language = {en},
	number = {1},
	journal = {J. Differential Geom.},
	author = {Huisken, Gerhard},
	year = {1984},
	pages = {237--266},
}

@article{huisken_contracting_1986,
	title = {Contracting convex hypersurfaces in {Riemannian} manifolds by their mean curvature},
	volume = {84},
	issn = {0020-9910},
	doi = {10.1007/BF01388742},
	number = {3},
	journal = {Inventiones mathematicae},
	author = {Huisken, Gerhard},
	year = {1986},
	pages = {463--480},
}

@article{huisken_inverse_2001,
	title = {The {Inverse} {Mean} {Curvature} {Flow} and the {Riemannian} {Penrose} {Inequality}},
	volume = {59},
	url = {https://doi.org/10.4310/jdg/1090349447},
	number = {3},
	journal = {Journal of Differential Geometry},
	author = {Huisken, Gerhard and Ilmanen, Tom},
	year = {2001},
	pages = {353--437, 85},
}

@article{mullins_twodimensional_1956,
	title = {Two‐{Dimensional} {Motion} of {Idealized} {Grain} {Boundaries}},
	volume = {27},
	issn = {0021-8979},
	url = {https://doi.org/10.1063/1.1722511},
	doi = {10.1063/1.1722511},
	number = {8},
	urldate = {2021-05-01},
	journal = {Journal of Applied Physics},
	author = {Mullins, W. W.},
	year = {1956},
	pages = {900--904},
}

@article{stahl_regularity_1996,
	title = {Regularity estimates for solutions to the mean curvature flow with a {Neumann} boundary condition},
	volume = {4},
	issn = {1432-0835},
	url = {https://doi.org/10.1007/BF01190825},
	doi = {10.1007/BF01190825},
	abstract = {In this work we study the behaviour of compact, smooth, immersed manifolds with boundary which move under the mean curvature flow in Euclidian space. We thereby prescribe the Neumann boundary condition in a purely geometric manner by requiring a vertical contact angle between the unit normal fields of the immersions and a given, smooth hypersurface∑. We deduce a very sharp local gradient bound depending only on the curvature of the immersions and∑. Combining this with a short time existence result, we obtain the existence of a unique solution to any given smooth initial and boundary data. This solution either exists for anyt{\textgreater}0 or on a maximal finite time interval [0,T] such that the curvature explodes ast→T.},
	number = {4},
	journal = {Calculus of Variations and Partial Differential Equations},
	author = {Stahl, Axel},
	year = {1996},
	pages = {385--407},
}

@article{stahl_convergence_1996,
	title = {Convergence of solutions to the mean curvature flow with a {Neumann} boundary condition},
	volume = {4},
	issn = {1432-0835},
	url = {https://doi.org/10.1007/BF01246150},
	doi = {10.1007/BF01246150},
	abstract = {This work continues our considerations in [15], where we discussed existence and regularity results for the mean curvature flow with homogenious Neumann boundary data. We study the long time evolution of compact, smooth, immersed manifolds with boundary which move under the mean curvature flow in Euclidian space. On the boundary, a Neumann condition is prescribed in a purely geometric manner by requiring a vertical contact angle between the unit normal fields of the immersions and a given, smooth hypersurfaceΣ. We deduce estimates for the curvature of the immersions and, in a special case, we obtain a precise description of the possible singularities.},
	number = {5},
	journal = {Calculus of Variations and Partial Differential Equations},
	author = {Stahl, Axel},
	year = {1996},
	pages = {421--441},
}
